<?xml version="1.0" encoding="UTF-8"?><collection xmlns="http://www.loc.gov/MARC21/slim"><record><leader>00298nam--2200121-i-4500</leader><controlfield tag="001">000047049</controlfield><controlfield tag="002">20161230</controlfield><controlfield tag="005">20161230201046</controlfield><controlfield tag="008">060222s1000------------r-----000-0-eng-d</controlfield><datafield ind1=" " ind2=" " tag="100"><subfield code="a">Votruba,V</subfield></datafield><datafield ind1=" " ind2=" " tag="245"><subfield code="a">A generalisation of the nucleon and meson theory</subfield></datafield><datafield ind1=" " ind2=" " tag="260"><subfield code="a">Rozpravy, 1949. 18 P</subfield></datafield><datafield ind1=" " ind2=" " tag="852"><subfield code="a">1671</subfield></datafield></record></collection>